<record><leader>00000cas a2200000 a 4500</leader><controlfield tag="001">12169773</controlfield><controlfield tag="008">850618d18991900ksuwr ne      0    0eng d</controlfield><datafield ind1=" " ind2=" " tag="010"><subfield code="a">sn 85030554 </subfield></datafield><datafield ind1=" " ind2=" " tag="040"><subfield code="a">KSH</subfield><subfield code="b">eng</subfield><subfield code="c">KSH</subfield><subfield code="d">NPT</subfield><subfield code="d">OCL</subfield><subfield code="d">OCLCQ</subfield></datafield><datafield ind1=" " ind2=" " tag="042"><subfield code="a">msc</subfield></datafield><datafield ind1="0" ind2="4" tag="245"><subfield code="a">The Morehead searchlight.</subfield></datafield><datafield ind1=" " ind2=" " tag="260"><subfield code="a">Morehead, Kan. :</subfield><subfield code="b">[s.n.],</subfield><subfield code="c">1899-1900.</subfield></datafield><datafield ind1=" " ind2=" " tag="300"><subfield code="a">2 v. ;</subfield><subfield code="c">36 cm.</subfield></datafield><datafield ind1=" " ind2=" " tag="310"><subfield code="a">Weekly</subfield></datafield><datafield ind1="0" ind2=" " tag="362"><subfield code="a">Vol. 1, no. 38 (Mar. 30, 1899)-v. 2, no. 48 (Apr. 13, 1900).</subfield></datafield><datafield ind1=" " ind2=" " tag="500"><subfield code="a">Published by L.H. Bostwick, Sept. 28, 1899-Apr. 13, 1900.</subfield></datafield><datafield ind1=" " ind2=" " tag="752"><subfield code="a">United States</subfield><subfield code="b">Kansas</subfield><subfield code="c">Neosho</subfield><subfield code="d">Morehead.</subfield></datafield><datafield ind1="0" ind2="0" tag="780"><subfield code="t">Searchlight (Morehead, Kan.)</subfield><subfield code="w">(DLC)sn 85030611</subfield></datafield><datafield ind1="0" ind2="0" tag="785"><subfield code="t">Cherryvale weekly clarion (Cherryvale, Kan. : 1900)</subfield><subfield code="w">(DLC)sn 85031345</subfield></datafield></record>